%Referências Álgebra Linear
@book{1998:Leon,
    author={Steven J. Leon}, 
    title = {Álgebra linear com aplicações},
    publisher ={Editora Prentice Hall},
    year={1998}
}

@book{1987:Steinbruch,
    author={Alfredo Steinbruch e Paulo Winterle}, 
    title = {Álgebra Linear},
    publisher ={Editora McGraw-Hill},
    year={1987}
}

@book{1980:Boldrini,
    author={José Luiz Boldrini, Sueli I. Rodrigues Costa, Vera Lúcia Figueiredo e Henry G. Wetzler}, 
    title = {Álgebra Linear},
    publisher ={Editora Harbra, 3ª Edição},
    year={1980}
}

@book{2016:Abramo,
    author={Abramo Hefez e Cecília de Souza Fernandez},
    title = {Introdução à Álgebra Linear},
    publisher ={Editora SBM},
    year={2016}
}

@article{1998:dirier,
    author   = {Jean-Luc Dorier},
    title    = {État de l’art de la recherche en didactique - À propos de l’enseignement de l’algèbre linéaire},
    journal  = {Recherches en Didactique des
Mathématiques},
    volume   = {18},
    pages    = {191-230},
    year     = {1998},
}

@inproceedings{2013:Teixeira,
    author   = {Katiuscia Costa Barros Teixeira, Ana Carolina Costa Pereira e Natália Maria Cordeiro Barroso},
    title    = {Álgebra Linear nos cursos de engenharia: sua importância na formação do futuro engenheiro de teleinformática},
    booktitle= {XLI Congresso Brasileiro de Educação em engenharia - COBENGE},
    year     = {2013},
    pages    = {1-7},
    month    = Setembro,
    publisher= {COBENGE}
}

@inproceedings{2011:Furtado,
    author   = {Ana Luísa Carvalho Furtado e Marco Aurélio Palumbo Cabral},
    title    = {Aprendizagem de conceitos de Álgebra Linear},
    booktitle= {XIII Conferência Interamericana de educação matemática - CIAEM},
    year     = {2011},
    pages    = {1-12},
    month    = Junho,
    publisher= {CIAEM}
}

%Referências sobre Engenharia de Software
@book{1997:Kotonya,
    author={G. Kotonya e Ian Sommerville},
    title = {Requirements Engineering - Processes and Techinques},
    publisher ={John Willy & Sons},
    year={1997}
}

@book{2005:Rezende,
    author={Denis Alcides Rezende},
    title = {Engenharia de Software e Sistemas de Informação},
    publisher ={Abreu's System},
    year={2005}
}

@book{2013:Sommerville,
    author={Ian Sommerville}, 
    title = {Engenharia de Software},
    publisher ={Editora Pearson, 9ª Edição},
    year={2013}
}

@book{2001:Pressman,
    author   = {Roger S. Pressman},
    title    = {Engenharia de Software - Uma Abordagem Profissional - 7ª Edição}
    publisher= {Amgh Editora},
    year     = {2001}
}

@book{1998:IEEE,
    author={IEEE Computer Society},
    title = {IEEE Recommended Practice for
Software Requirements Specifications},
    publisher ={Institute of Electrical and Electronics Engineers},
    year={1998}
}

@book{2004:Teles,
    author   = {Vinícius Manhães Teles},
    title    = {Extreme programming: aprenda como encantar seus usuários desenvolvendo software com agilidade e alta qualidade.}
    publisher= {Novatec},
    year     = {2013}
}

%Referências sobre Engenharia de Software - Metodologias ágeis
@book{0000:rafael,
    author   = {Rafel Sabbagh},
    title    = {Scrum: Gestão Ágil para Projeto de Sucesso}
    publisher= {Casa do Código},
    year     = {2001}
}

@book{1990:libaneo,
    author   = {José Carlos Libâneo},
    title    = {Didática},
    publisher= {Cortez Editora},
    year     = {1990}
}

%Referências para linguagens formais
@book{2002:John,
    author   = {John E. Hopcroft, Jeffrey D. Ullman and Rajeev Motwani},
    title    = {Introdução à Teoria de Autômatos, Linguagens e Computação}
    publisher= {Elsevier},
    year     = {2002}
}



@MastersThesis{2013:Pereira,
    author   = {Rodrigo Pinter Pereira},
    title    = {Aplicação da Metodologia Ágil \textit{Scrum} na qualificação do processo de manutenção do setor de suporte financeiro da Universidade do Sul de Santa Catarina. 45 f. Monografia},
    school   = {Universidade do Sul de Santa Catarina},
    year     = {2013}
}

@article{1997:Zave,
    author   = {Pamela Zave},
    title    = {Classification of Research Efforts in Requirements Engineering},
    journal  = {ACM Computing Surveys},
    volume   = {29},
    pages    = {315-321},
    year     = {1997},
}

%Referências sobre Ensino Aprendizagem
@articles{2015:Silva,
    author={João Carlos Lima e Silva}, 
    title = {Uso de gamificação como instrumento de avaliação da aprendizagem},
    year={2015},
    publisher = {Revista da FATEC Zona Sul},
    address = {São Paulo, Brasil}
}


@MastersThesis{2010:furtado,
    author   = {Ana Luísa Carvalho Furtado},
    title    = {Dificuldade na aprendizagem de conceitos abstratos da álgebra linear: 2009-2010. 166 f. Dissertação (Mestrado em ensino e matemática)},
    school   = {Universidade Federal do Rio de Janeiro},
    year     = {2010}
}

@MastersThesis{2000:celestino,
    author   = {Marcos Roberto Celestino},
    title    = {Ensino-aprendizagem da Álgebra Linear: as pesquisas brasileiras na década de 90. (Mestrado em Educação Matemática)},
    school   = {Universidade Federal do Rio de Janeiro},
    year     = {2000}
}

@inproceedings{2000:lima,
    author   = {Laerte de Araujo Lima e Antonio Gilson Barbosa de Lima.},
    title    = {Uso do software Mathematica como ferramenta de auxilio ao ensino de graduação de engenharia mecânica},
    booktitle = {COBENGE: Congresso Brasileiro de Educação em Engenharia},
    year     = {2000},
    pages    = {1-7},
    month    = Março,
    publisher= {ABENGE: Associação Brasileira de Educação em Engenharia}
}


@article{2010:Datrino,
    author   = {Roberto Cezar Datrino, Iraci Ferro Datrino e Pedro Henrique Meireles},
    title    = {Avaliação como processo de ensino-aprendizagem},
    journal  = {Anhanguera Educacional - Revista de Educação},
    volume   = {13},
    pages    = {1-18},
    year     = {2010},
}

%Artigos trabalhos correlatos e demais partes do TCC
@article{2016:Santana,
    author   = {Bruna Maryelli da Silva Santana e Maria Aparecida Alves da Silva},
    title    = {Ensino e aprendizagem de cálculo: a partir do uso de softwares matemáticos},
    journal  = {III CONEDU - Congresso Nacional de Educação},
    volume   = {1},
    pages    = {1-8},
    year     = {2016},
}

@MastersThesis{2009:Rodrigues,
    author   = {José Renato Fialho Rodrigues},
    title    = {Criação de um \textit{software} de apoio ao ensino e à aprendizagem de Álgebra Linear: Base e dimensão de um Espaço Vetorial. 153 f. Dissertação (Mestrado em ensino de Ciência e Matemática)},
    school   = {Pontifícia Universidade Católica de Minas Gerais},
    year     = {2009}
}

@article{2016:Santos,
    author   = {Alan Rodrigues dos Santos e Patrícia Cristina Sousa dos Santos},
    title    = {O programa GAP como ferramenta de ensino e aprendizagem de Álgebra e uma reflexão das dificuldades da disciplina Álgebra I},
    journal  = {Workshop de Álgebra UFG-CAC},
    volume   = {1},
    pages    = {1-14},
    year     = {2014},
}


@article{2015:Lidio,
 author   = {Lídio Mauro Lima de Campos},
 title    = {Uso de Ferramentas Educacionais na Disciplina de Cálculo Diferencial e Integral },
 journal  = {Revista Tecnologias na Educação},
 volume   = {1},
 pages    = {1-10},
 year     = {2015},
}


@article{2004:Wu,
 author   = {Huibin Wu},
 title    = {Computer aided teaching in Linear Algebra},
 journal  = { School of Science
 Beijing Institute of Technology},
 volume   = {1},
 pages    = {1-3},
 year     = {2004},
}

@MastersThesis{2005:Marcello,
    author   = {Marcello Nobre Cardoso},
    title    = {O uso do \textit{software Matlab para o estudo de alguns tópicos de Álgebra Linear. 16 f. Monografia}},
    school   = {Universidade Católica de Brasília},
    year     = {2005}
}

%Computação Simbólica
@article{2005:Leandro,
    author   = {Leandro Rangel e Alexandre Rojas},
    title    = {Tutorial sobre Algebra Computacional com Programação},
    journal  = {Cadernos do IME: Série Informática},
    volume   = {18},
    pages    = {1-8},
    year     = {2005},
}

@article{2012:Humberto,
    author   = {Humberto José Bortolossi, Dirce Uesu Pesco e Wanderley Moura Rezende},
    title    = {Computação simbólica no ensino médio com o \textit{software} gratuito Geogebra},
    journal  = {Actas de la Conferencia Latinoamericana de Geogebra},
    volume   = {1},
    pages    = {1-6},
    year     = {2012},
}

@MastersThesis{2007:Valesca,
    author   = {Valesca Alves Corrêa},
    title    = {Aplicação da computação simbólica na resolução de problemas de condução de calor em cilindros vazados com condições de contorno covectivas. 141 f. tese (Tese em m Engenharia Mecânica)},
    school   = {Universidade Estadual Paulista},
    year     = {2007}
}

%Matlab

@book{2012:Amos,
    author   = {Amos Gilat},
    title    = {Matlab com Aplicações em Engenharia}
    publisher= {4ª Edição, Elsevier},
    year     = {2012}
}

@article{2016:Raquel,
    author   = {Raquel Marchetto},
    title    = {Utilização do software MATLAB como recurso tecnológico de aprendizagem na transformação de matrizes em imagens},
    journal  = {REVEMAT},
    volume   = {1},
    pages    = {1-13},
    year     = {2016},
}