@inproceedings{2011:Furtado,
    author   = {Ana Luísa Carvalho Furtado e Marco Aurélio Palumbo Cabral},
    title    = {Aprendizagem de conceitos de Álgebra Linear},
    booktitle= {XIII Conferência Interamericana de educação matemática - CIAEM},
    year     = {2011},
    pages    = {1-12},
    month    = Junho,
    publisher= {CIAEM}
}

@inproceedings{2000:lima,
    author   = {Laerte de Araújo Lima e Antonio Gilson Barbosa de Lima.},
    title    = {Uso do software Mathematica como ferramenta de auxilio ao ensino de graduação de engenharia mecânica},
    booktitle = {COBENGE: Congresso Brasileiro de Educação em Engenharia},
    year     = {2000},
    pages    = {1-7},
    month    = Março,
    publisher= {ABENGE: Associação Brasileira de Educação em Engenharia}
}

@MastersThesis{2000:celestino,
    author   = {Marcos Roberto Celestino},
    title    = {Ensino-aprendizagem da Álgebra Linear: as pesquisas brasileiras na década de 90. (Mestrado em Educação Matemática)},
    school   = {Universidade Federal do Rio de Janeiro},
    year     = {2000}
}